<record><leader>00000cas a2200000 a 4500</leader><controlfield tag="001">7408801</controlfield><controlfield tag="008">810511c19739999txumn ne      0   a0eng d</controlfield><datafield ind1=" " ind2=" " tag="010"><subfield code="a">sn 87000318 </subfield></datafield><datafield ind1=" " ind2=" " tag="040"><subfield code="a">LNU</subfield><subfield code="b">eng</subfield><subfield code="c">LNU</subfield><subfield code="d">NSD</subfield><subfield code="d">NVK</subfield><subfield code="d">OCLCQ</subfield><subfield code="d">IXA</subfield><subfield code="d">OCLCF</subfield><subfield code="d">OCLCO</subfield></datafield><datafield ind1=" " ind2=" " tag="012"><subfield code="k">1</subfield><subfield code="m">1</subfield></datafield><datafield ind1="0" ind2=" " tag="022"><subfield code="a">0893-4134</subfield><subfield code="l">0893-4134</subfield><subfield code="2">1</subfield></datafield><datafield ind1="1" ind2=" " tag="029"><subfield code="a">AU@</subfield><subfield code="b">000025805605</subfield></datafield><datafield ind1=" " ind2=" " tag="032"><subfield code="a">616800</subfield><subfield code="b">USPS</subfield></datafield><datafield ind1=" " ind2=" " tag="037"><subfield code="b">The Presbyterian, 920 S. Simmons Freeway, Denton, TX 76205-7898</subfield></datafield><datafield ind1=" " ind2=" " tag="042"><subfield code="a">nsdp</subfield></datafield><datafield ind1="1" ind2="0" tag="082"><subfield code="a">285</subfield><subfield code="2">11</subfield></datafield><datafield ind1=" " ind2=" " tag="090"><subfield code="a">BX8901</subfield><subfield code="b">.P84</subfield></datafield><datafield ind1="0" ind2=" " tag="130"><subfield code="a">Presbyterian (Austin, Tex. : 1973)</subfield></datafield><datafield ind1=" " ind2="4" tag="222"><subfield code="a">The Presbyterian</subfield><subfield code="b">(Austin, Tex.)</subfield></datafield><datafield ind1="0" ind2="4" tag="245"><subfield code="a">The Presbyterian.</subfield></datafield><datafield ind1=" " ind2=" " tag="260"><subfield code="a">Austin, Tx. :</subfield><subfield code="b">United Presbyterian Church U.S.A., Synod of the Sun; and the Presbyterian Church U.S., Synod of Red River.</subfield></datafield><datafield ind1=" " ind2=" " tag="300"><subfield code="a">v. :</subfield><subfield code="b">ill. ;</subfield><subfield code="c">37 cm.</subfield></datafield><datafield ind1=" " ind2=" " tag="310"><subfield code="a">9 issues a year,</subfield><subfield code="b">&lt;Mar. 1988-&gt;</subfield></datafield><datafield ind1=" " ind2=" " tag="321"><subfield code="a">Monthly (except Jan. and Aug.)</subfield><subfield code="b">&lt;, Feb. 1980-&gt;</subfield></datafield><datafield ind1=" " ind2=" " tag="321"><subfield code="a">8 issues a year,</subfield><subfield code="b">&lt;Mar. 1987-&gt;</subfield></datafield><datafield ind1="0" ind2=" " tag="362"><subfield code="a">Vol. 1, no. 1 (Jan., 1973)-</subfield></datafield><datafield ind1=" " ind2=" " tag="500"><subfield code="a">Imprint varies: Published in Dallas, Tex., 1981- ; Denton, Tex., &lt;Mar. 1987-&gt;</subfield></datafield><datafield ind1=" " ind2=" " tag="525"><subfield code="a">Issues for &lt;Mar. 1987-&gt; include supplement with title: Presbyterian village.</subfield></datafield><datafield ind1=" " ind2=" " tag="550"><subfield code="a">Issues for &lt;Feb. 1980-&gt; published by the United Presbyterian Church, U.S.A., Synod of the the Sun and the Presbyterian Church U.S., Synod of Red River; &lt;Mar. 1987-&gt; by the Presbyterian Church (U.S.A.), Synod of the Sun.</subfield></datafield><datafield ind1="2" ind2="0" tag="610"><subfield code="a">United Presbyterian Church in the U.S.A.</subfield><subfield code="v">Periodicals.</subfield></datafield><datafield ind1=" " ind2="0" tag="650"><subfield code="a">Presbyterian Church</subfield><subfield code="z">Arkansas</subfield><subfield code="v">Newspapers.</subfield></datafield><datafield ind1=" " ind2="0" tag="650"><subfield code="a">Presbyterian Church</subfield><subfield code="z">Louisiana</subfield><subfield code="v">Newspapers.</subfield></datafield><datafield ind1=" " ind2="0" tag="650"><subfield code="a">Presbyterian Church</subfield><subfield code="z">Oklahoma</subfield><subfield code="v">Newspapers.</subfield></datafield><datafield ind1=" " ind2="0" tag="650"><subfield code="a">Presbyterian Church</subfield><subfield code="z">Texas</subfield><subfield code="v">Newspapers.</subfield></datafield><datafield ind1=" " ind2="0" tag="650"><subfield code="a">Presbyterians</subfield><subfield code="z">United States</subfield><subfield code="v">Newspapers.</subfield></datafield><datafield ind1=" " ind2="0" tag="651"><subfield code="a">Austin (Tex.)</subfield><subfield code="v">Newspapers.</subfield></datafield><datafield ind1=" " ind2="0" tag="651"><subfield code="a">Denton (Tex.)</subfield><subfield code="v">Newspapers.</subfield></datafield><datafield ind1=" " ind2="0" tag="651"><subfield code="a">Dallas (Tex.)</subfield><subfield code="v">Newspapers.</subfield></datafield><datafield ind1=" " ind2="7" tag="655"><subfield code="a">Newspapers.</subfield><subfield code="2">fast</subfield><subfield code="0">(OCoLC)fst01423814</subfield></datafield><datafield ind1=" " ind2="7" tag="655"><subfield code="a">Periodicals.</subfield><subfield code="2">fast</subfield><subfield code="0">(OCoLC)fst01411641</subfield></datafield><datafield ind1="2" ind2="7" tag="610"><subfield code="a">United Presbyterian Church in the U.S.A.</subfield><subfield code="2">fast</subfield><subfield code="0">(OCoLC)fst00549644</subfield></datafield><datafield ind1=" " ind2="7" tag="650"><subfield code="a">Presbyterian Church.</subfield><subfield code="2">fast</subfield><subfield code="0">(OCoLC)fst01075515</subfield></datafield><datafield ind1=" " ind2="7" tag="650"><subfield code="a">Presbyterians.</subfield><subfield code="2">fast</subfield><subfield code="0">(OCoLC)fst01075567</subfield></datafield><datafield ind1=" " ind2="7" tag="651"><subfield code="a">Arkansas.</subfield><subfield code="2">fast</subfield><subfield code="0">(OCoLC)fst01204809</subfield></datafield><datafield ind1=" " ind2="7" tag="651"><subfield code="a">Louisiana.</subfield><subfield code="2">fast</subfield><subfield code="0">(OCoLC)fst01207035</subfield></datafield><datafield ind1=" " ind2="7" tag="651"><subfield code="a">Oklahoma.</subfield><subfield code="2">fast</subfield><subfield code="0">(OCoLC)fst01205031</subfield></datafield><datafield ind1=" " ind2="7" tag="651"><subfield code="a">Texas.</subfield><subfield code="2">fast</subfield><subfield code="0">(OCoLC)fst01210336</subfield></datafield><datafield ind1=" " ind2="7" tag="651"><subfield code="a">Texas</subfield><subfield code="z">Austin.</subfield><subfield code="2">fast</subfield><subfield code="0">(OCoLC)fst01204313</subfield></datafield><datafield ind1=" " ind2="7" tag="651"><subfield code="a">Texas</subfield><subfield code="z">Dallas.</subfield><subfield code="2">fast</subfield><subfield code="0">(OCoLC)fst01204635</subfield></datafield><datafield ind1=" " ind2="7" tag="651"><subfield code="a">Texas</subfield><subfield code="z">Denton.</subfield><subfield code="2">fast</subfield><subfield code="0">(OCoLC)fst01207229</subfield></datafield><datafield ind1=" " ind2="7" tag="651"><subfield code="a">United States.</subfield><subfield code="2">fast</subfield><subfield code="0">(OCoLC)fst01204155</subfield></datafield><datafield ind1="2" ind2=" " tag="710"><subfield code="a">United Presbyterian Church in the U.S.A.</subfield><subfield code="b">Synod of the Sun.</subfield></datafield><datafield ind1="2" ind2=" " tag="710"><subfield code="a">Presbyterian Church in the U.S.A.</subfield><subfield code="b">Synod of Red River.</subfield></datafield><datafield ind1="2" ind2=" " tag="710"><subfield code="a">Presbyterian Church (U.S.A.).</subfield><subfield code="b">Synod of the Sun.</subfield></datafield><datafield ind1="0" ind2=" " tag="730"><subfield code="a">Presbyterian village.</subfield></datafield><datafield ind1=" " ind2=" " tag="752"><subfield code="a">United States</subfield><subfield code="b">Texas</subfield><subfield code="c">Caroline</subfield><subfield code="d">Denton.</subfield></datafield><datafield ind1=" " ind2=" " tag="752"><subfield code="a">United States</subfield><subfield code="b">Texas</subfield><subfield code="c">Dallas</subfield><subfield code="d">Dallas.</subfield></datafield><datafield ind1=" " ind2=" " tag="752"><subfield code="a">United States</subfield><subfield code="b">Texas</subfield><subfield code="c">Travis</subfield><subfield code="d">Austin.</subfield></datafield><datafield ind1=" " ind2=" " tag="936"><subfield code="a">Mar. 1988 LIC</subfield></datafield></record>